<?xml version="1.0" encoding="UTF-8"?><collection xmlns="http://www.loc.gov/MARC21/slim"><record><leader>00436nam--2200145-i-4500</leader><controlfield tag="001">000003650</controlfield><controlfield tag="002">20161230</controlfield><controlfield tag="005">20161230201025</controlfield><controlfield tag="008">060222s1000------------r-----000-0-eng-d</controlfield><datafield ind1=" " ind2=" " tag="080"><subfield code="a">621.398:628.93</subfield></datafield><datafield ind1=" " ind2=" " tag="100"><subfield code="a">Arhipov, N.C</subfield></datafield><datafield ind1=" " ind2=" " tag="245"><subfield code="a">Comanda centralizata a iluminatului public din orase si din comune. traducere din limba rusa</subfield></datafield><datafield ind1=" " ind2=" " tag="260"><subfield code="a">Bucuresti, Edit.Energetica De Stat, 1954 39 P. + Litog</subfield></datafield><datafield ind1=" " ind2=" " tag="490"><subfield code="a">M.E.E.I.E</subfield></datafield><datafield ind1=" " ind2=" " tag="852"><subfield code="a">3202</subfield></datafield></record></collection>